@INPROCEEDINGS{5704623,
	author={Ning Jiang and Yijun Lu and Shaopeng Tang and Goto, S.},
	booktitle={Intelligent Signal Processing and Communication Systems (ISPACS), 2010 International Symposium on},
	title={Rapid face detection using a multi-mode cascade and Separate Haar Feature},
	year={2010},
	month={Dec},
	pages={1-4},
	keywords={Haar transforms;face recognition;don't-care area;face detection;false alarm rate;learning features;multi-mode cascade;multi-mode detection;separate Haar feature;Detectors;Feature extraction;Proposals;Separate Haar Feature;boost;cascade;multi-mode detection},
	doi={10.1109/ISPACS.2010.5704623},}
@unpublished{LDA,
	author = {Farag, Aly A and Elhabian, Shireen Y},
	institution = {University of Louisville},
	title = {A Tutorial on Data Reduction Linear Discriminant Analysis},
	year = {2008}
}
@INPROCEEDINGS{Eurocon,
	author={Jozer, B. and Matej, F. and Lubos, O. and Milos, O. and Jarmila, P.},
	booktitle={EUROCON, 2013 IEEE},
	title={Face recognition under partial occlusion and noise},
	year={2013},
	month={July},
	pages={2072-2079},
	keywords={biometrics (access control);face recognition;image denoising;support vector machines;Eigenfaces;GDA;HBB-Next;HBB-TV user;KPCA;RBF;SVM;biometric modality;biometric security system;face recognition algorithms;face recognition application;face recognition methods;human face;human perception;kernel methods;multimodal interface;next generation hybrid broadcast broadband project;partial noise;partial occlusion;Eyebrows;Face;Face recognition;Kernel;Noise;Principal component analysis;Support vector machines;face recognition;machine learning methods;noise;partial occlusion},
	doi={10.1109/EUROCON.2013.6625266},}
@ARTICLE{Forensics,
	author={Kafai, M. and Le An and Bhanu, B.},
	journal={Information Forensics and Security, IEEE Transactions on},
	title={Reference Face Graph for Face Recognition},
	year={2014},
	month={Dec},
	volume={9},
	number={12},
	pages={2132-2143},
	keywords={discrete cosine transforms;face recognition;graph theory;DCT locality sensitive hashing;RFG-based face recognition algorithm;centrality measures;expression variation;face alignment;face analysis;graph theory;illumination variation;online multimedia;pose changes;real-world face recognition;reference face graph;social networks;video surveillance footage;Databases;Face;Face recognition;Feature extraction;Graph theory;Lighting;Robustness;Face recognition;alignment-free;centrality measure;graph analysis;pose robust},
	doi={10.1109/TIFS.2014.2359548},
	ISSN={1556-6013},}
@article{Eigenfaces_vs_Fisherfaces,
	title={Eigenfaces vs. fisherfaces: Recognition using class specific linear projection},
	author={Belhumeur, Peter N. and Hespanha, Jo{\~a}o P and Kriegman, David},
	journal={Pattern Analysis and Machine Intelligence, IEEE Transactions on},
	volume={19},
	number={7},
	pages={711--720},
	year={1997},
	publisher={IEEE}
}
